<?xml version="1.0" encoding="UTF-8"?><collection xmlns="http://www.loc.gov/MARC21/slim"><record><leader>00526nam--2200193-i-4500</leader><controlfield tag="001">000036881</controlfield><controlfield tag="002">20161230</controlfield><controlfield tag="005">20161230201041</controlfield><controlfield tag="008">060222s1000------------r-----000-0-rum-d</controlfield><datafield ind1=" " ind2=" " tag="040"><subfield code="a">IFIN-HH</subfield></datafield><datafield ind1=" " ind2=" " tag="041"><subfield code="a">rum</subfield></datafield><datafield ind1=" " ind2=" " tag="080"><subfield code="a">519.24</subfield></datafield><datafield ind1="1" ind2=" " tag="100"><subfield code="a">Tertisco, Mihai</subfield></datafield><datafield ind1="1" ind2="0" tag="245"><subfield code="a">Modelarea si predictia seriilor de timp</subfield><subfield code="c">cMIHAI TERTISCO, THEODOR POPESCU, PETRE STOICA</subfield></datafield><datafield ind1=" " ind2=" " tag="260"><subfield code="a">Bucuresti</subfield><subfield code="b">Editura Academiei Rsr</subfield><subfield code="c">1985</subfield></datafield><datafield ind1=" " ind2=" " tag="300"><subfield code="a">298P</subfield></datafield><datafield ind1="1" ind2=" " tag="700"><subfield code="a">Stoica, Petre</subfield></datafield><datafield ind1=" " ind2=" " tag="852"><subfield code="a">72330</subfield><subfield code="c">519.24</subfield></datafield><datafield ind1=" " ind2=" " tag="CAT"><subfield code="a">Sys</subfield><subfield code="c">20130805</subfield><subfield code="h">164048</subfield></datafield></record></collection>